,,,,,,,Account,Type,,Date,,Num,,Name,,Memo,,Class,,Clr,,Split,,Debit,,Credit,,Balance
,,,,7400 · Storage,,,,,,,,,,,,,,,,,,,,,,,,
,,,,,,,7400 Storage,Check,,01/29/2019,,,,RAPID SPACE,,,,,,,,1200 · Checking BOA 6959 MG,,303.14,,,,303.14
,,,,,,,7400 Storage,Check,,02/25/2019,,,,RAPID SPACE,,,,,,,,1200 · Checking BOA 6959 MG,,303.14,,,,606.28
,,,,,,,7400 Storage,Check,,03/25/2019,,,,RAPID SPACE,,,,,,,,1200 · Checking BOA 6959 MG,,303.14,,,,909.42
,,,,,,,7400 Storage,Check,,04/23/2019,,1296,,RAPID SPACE,,,,,,,,1200 · Checking BOA 6959 MG,,303.14,,,,"1,212.56"
,,,,,,,7400 Storage,Check,,05/16/2019,,,,RAPID SPACE,,05/15,,,,,,1010 · Chase 9063 -720,,207.28,,,,"1,419.84"
,,,,,,,7400 Storage,Check,,05/20/2019,,,,RAPID SPACE,,05/17,,,,,,1010 · Chase 9063 -720,,389.75,,,,"1,809.59"
,,,,,,,7400 Storage,Check,,06/17/2019,,,,RAPID SPACE,,06/14,,,,,,1010 · Chase 9063 -720,,389.75,,,,"2,199.34"
,,,,,,,7400 Storage,Check,,07/15/2019,,,,RAPID SPACE,,07/12,,,,,,1010 · Chase 9063 -720,,389.75,,,,"2,589.09"
,,,,,,,7400 Storage,Check,,08/12/2019,,,,RAPID SPACE,,08/09,,,,,,1010 · Chase 9063 -720,,389.75,,,,"2,978.84"
,,,,,,,7400 Storage,Check,,09/09/2019,,,,RAPID SPACE,,09/06,,,,,,1010 · Chase 9063 -720,,389.75,,,,"3,368.59"
,,,,,,,7400 Storage,Check,,11/05/2019,,,,RAPID SPACE,,11/04,,,,,,1010 · Chase 9063 -720,,389.75,,,,"3,758.34"
,,,,,,,7400 Storage,Check,,11/06/2019,,,,RAPID SPACE,,11/05,,,,,,1010 · Chase 9063 -720,,685.19,,,,"4,443.53"
,,,,,,,7400 Storage,Check,,11/20/2019,,,,RAPID SPACE,,11/19,,,,,,1010 · Chase 9063 -720,,97.44,,,,"4,540.97"
,,,,,,,7400 Storage,Check,,12/03/2019,,,,RAPID SPACE,,12/02,,,,,,1010 · Chase 9063 -720,,389.75,,,,"4,930.72"
,,,,,,,7400 Storage,Check,,12/18/2019,,,,RAPID SPACE,,11/19,,,,,,1010 · Chase 9063 -720,,97.44,,,,"5,028.16"
,,,,,,,7400 Storage,Check,,12/18/2019,,1359,,RAPID SPACE,,VOID: 12/17,,,,Ö,,1010 · Chase 9063 -720,,0.00,,,,"5,028.16"
,,,,,,,7400 Storage,Check,,01/02/2020,,,,RAPID SPACE,,12/31,,,,,,1010 · Chase 9063 -720,,389.75,,,,"5,417.91"
,,,,,,,7400 Storage,Check,,01/15/2020,,,,RAPID SPACE,,01/14,,,,,,1010 · Chase 9063 -720,,97.44,,,,"5,515.35"
,,,,,,,7400 Storage,Check,,01/27/2020,,,,RAPID SPACE,,12/31,,,,,,1010 · Chase 9063 -720,,389.75,,,,"5,905.10"
,,,,,,,7400 Storage,Check,,02/12/2020,,,,RAPID SPACE,,02/11,,,,,,1010 · Chase 9063 -720,,97.44,,,,"6,002.54"
,,,,,,,7400 Storage,Check,,02/24/2020,,,,RAPID SPACE,,02/21,,,,,,1010 · Chase 9063 -720,,389.75,,,,"6,392.29"
,,,,,,,7400 Storage,Check,,03/05/2020,,,,RAPID SPACE,,03/04,,,,,,1010 · Chase 9063 -720,,276.88,,,,"6,669.17"
,,,,,,,7400 Storage,Check,,03/11/2020,,,,RAPID SPACE,,03/10,,,,,,1010 · Chase 9063 -720,,97.44,,,,"6,766.61"
,,,,,,,7400 Storage,Check,,03/23/2020,,,,RAPID SPACE,,03/20,,,,,,1010 · Chase 9063 -720,,519.67,,,,"7,286.28"
,,,,,,,7400 Storage,Check,,04/08/2020,,,,RAPID SPACE,,05/05,,,,,,1010 · Chase 9063 -720,,97.44,,,,"7,383.72"
,,,,,,,7400 Storage,Check,,04/20/2020,,,,RAPID SPACE,,04/17,,,,,,1010 · Chase 9063 -720,,519.67,,,,"7,903.39"
,,,,,,,7400 Storage,Check,,05/06/2020,,,,RAPID SPACE,,,,,,,,1010 · Chase 9063 -720,,97.44,,,,"8,000.83"
,,,,,,,7400 Storage,Check,,05/14/2020,,,,SMITH STORAGE,,34 NV        05/13,,,,,,1010 · Chase 9063 -720,,536.97,,,,"8,537.80"
,,,,,,,7400 Storage,Check,,05/18/2020,,,,RAPID SPACE,,05/15,,,,,,1010 · Chase 9063 -720,,519.67,,,,"9,057.47"
,,,,,,,7400 Storage,Check,,06/03/2020,,,,RAPID SPACE,,06/02,,,,,,1010 · Chase 9063 -720,,97.44,,,,"9,154.91"
,,,,,,,7400 Storage,Check,,06/15/2020,,,,RAPID SPACE,,06/12,,,,,,1010 · Chase 9063 -720,,519.67,,,,"9,674.58"
,,,,,,,7400 Storage,Check,,06/26/2020,,,,Mobile Mini,,06/25,,,,,,1010 · Chase 9063 -720,,160.62,,,,"9,835.20"
,,,,,,,7400 Storage,Check,,07/01/2020,,,,RAPID SPACE,,06/30,,,,,,1010 · Chase 9063 -720,,97.44,,,,"9,932.64"
,,,,,,,7400 Storage,Check,,07/13/2020,,,,RAPID SPACE,,07/11,,,,,,1010 · Chase 9063 -720,,519.67,,,,"10,452.31"
,,,,,,,7400 Storage,Check,,07/29/2020,,,,RAPID SPACE,,07/28,,,,,,1010 · Chase 9063 -720,,97.44,,,,"10,549.75"
,,,,,,,7400 Storage,Check,,08/10/2020,,,,RAPID SPACE,,08/07,,,,,,1010 · Chase 9063 -720,,519.67,,,,"11,069.42"
,,,,,,,7400 Storage,Check,,08/13/2020,,,,SMITH STORAGE,,34 NV        08/12,,,,,,1010 · Chase 9063 -720,,78.46,,,,"11,147.88"
,,,,,,,7400 Storage,Check,,08/21/2020,,,,Mobile Mini,,08/20,,,,,,1010 · Chase 9063 -720,,123.67,,,,"11,271.55"
,,,,,,,7400 Storage,Check,,08/26/2020,,,,RAPID SPACE,,08/25,,,,,,1010 · Chase 9063 -720,,97.44,,,,"11,368.99"
,,,,,,,7400 Storage,Check,,09/08/2020,,,,RAPID SPACE,,09/04,,,,,,1010 · Chase 9063 -720,,519.67,,,,"11,888.66"
,,,,,,,7400 Storage,Check,,09/14/2020,,,,Mobile Mini,,09/11,,,,,,1010 · Chase 9063 -720,,166.71,,,,"12,055.37"
,,,,,,,7400 Storage,Check,,09/16/2020,,,,Mobile Mini,,09/15,,,,,,1010 · Chase 9063 -720,,145.11,,,,"12,200.48"
,,,,,,,7400 Storage,Check,,09/17/2020,,,,Mobile Mini,,09/16,,,,,,1010 · Chase 9063 -720,,145.11,,,,"12,345.59"
,,,,,,,7400 Storage,Check,,09/18/2020,,,,Mobile Mini,,09/17,,,,,,1010 · Chase 9063 -720,,93.11,,,,"12,438.70"
,,,,,,,7400 Storage,Check,,09/21/2020,,,,Mobile Mini,,09/18,,,,,,1010 · Chase 9063 -720,,145.11,,,,"12,583.81"
,,,,Total 7400 · Storage,,,,,,,,,,,,,,,,,,,,"12,583.81",,0.00,,"12,583.81"